<?xml version="1.0" encoding="UTF-8"?><record xmlns="http://www.loc.gov/MARC21/slim" xmlns:cinclude="http://apache.org/cocoon/include/1.0" xmlns:zs="http://www.loc.gov/zing/srw/">
  <leader>00401nz  a2200145n  4500</leader>
  <controlfield tag="001">no2006011257</controlfield>
  <controlfield tag="003">DLC</controlfield>
  <controlfield tag="005">20060202051815.0</controlfield>
  <controlfield tag="008">051104n| acannaabn          |n aaa     c</controlfield>
  <datafield tag="010" ind1=" " ind2=" ">
    <subfield code="a">no2006011257</subfield>
  </datafield>
  <datafield tag="035" ind1=" " ind2=" ">
    <subfield code="a">(OCoLC)oca06843363</subfield>
  </datafield>
  <datafield tag="040" ind1=" " ind2=" ">
    <subfield code="a">MnMN</subfield>
    <subfield code="b">eng</subfield>
    <subfield code="c">MnMN</subfield>
  </datafield>
  <datafield tag="053" ind1=" " ind2="0">
    <subfield code="a">PS3606.I777</subfield>
  </datafield>
  <datafield tag="100" ind1="1" ind2=" ">
    <subfield code="a">Fisher, Steven D.</subfield>
  </datafield>
  <datafield tag="670" ind1=" " ind2=" ">
    <subfield code="a">His The first misadventure of Fragger Sparks, c2003:</subfield>
    <subfield code="b">t.p. (Steven D. Fisher)</subfield>
  </datafield>
</record>